<record xmlns="http://www.loc.gov/MARC21/slim" xmlns:xsi="http://www.w3.org/2001/XMLSchema-instance" xsi:schemaLocation="http://www.loc.gov/MARC21/slim http://www.loc.gov/standards/marcxml/schema/MARC21slim.xsd"><leader>02856nam a2200469   4500</leader><controlfield tag="001">001976389</controlfield><controlfield tag="003">NNU</controlfield><controlfield tag="006">m        d        </controlfield><controlfield tag="007">cr cn |||m|||a</controlfield><controlfield tag="008">150223s1984    ir h    ob    001 0 araod</controlfield><datafield ind1=" " ind2=" " tag="040"><subfield code="a">NNU</subfield><subfield code="b">eng</subfield><subfield code="c">NNU</subfield></datafield><datafield ind1=" " ind2=" " tag="066"><subfield code="c">(3</subfield></datafield><datafield ind1=" " ind2=" " tag="090"><subfield code="a">B753.S43</subfield><subfield code="b">M838 1984</subfield></datafield><datafield ind1="1" ind2=" " tag="100"><subfield code="6">880-01</subfield><subfield code="a">&#7788;&#363;s&#299;, Na&#7779;&#299;r al-D&#299;n Mu&#7717;ammad ibn Mu&#7717;ammad,</subfield><subfield code="d">1201-1274</subfield></datafield><datafield ind1="1" ind2="0" tag="245"><subfield code="6">880-02</subfield><subfield code="a">Mu&#7779;&#257;ri&#699; al-mu&#7779;&#257;ri&#699;</subfield><subfield code="h">[electronic resource] /</subfield><subfield code="c">ta&#700;l&#299;f Ab&#299; Ja&#699;far Na&#7779;&#299;r al-D&#299;n Mu&#7717;ammad ibn Mu&#7717;ammad ibn al-&#7716;asan al-&#7788;&#363;s&#299; ; ta&#7717;q&#299;q &#7716;asan al-Mu&#699;izz&#299; ; bi-ihtim&#257;m Ma&#7717;m&#363;d al-Mar&#699;ash&#299;.</subfield></datafield><datafield ind1=" " ind2=" " tag="260"><subfield code="6">880-03</subfield><subfield code="a">Qum :</subfield><subfield code="b">Maktabat Ay&#257;t All&#257;h al-Mar&#699;ash&#299;,</subfield><subfield code="c">1405 [1984 or 1985]</subfield></datafield><datafield ind1=" " ind2=" " tag="300"><subfield code="a">online resource (127, 224 p.) :</subfield><subfield code="b">facsims.</subfield></datafield><datafield ind1="1" ind2=" " tag="490"><subfield code="6">880-04</subfield><subfield code="a">Min makh&#7789;&#363;&#7789;&#257;t Ay&#257;t All&#257;h al-Mar&#699;ash&#299; al-&#699;&#256;mmah ;</subfield><subfield code="v">11</subfield></datafield><datafield ind1=" " ind2=" " tag="500"><subfield code="a">Includes the text of Mu&#7779;&#257;ra&#699;at al-fal&#257;sifah by Mu&#7717;ammad ibn &#699;Abd al-Kar&#299;m al-Shahrast&#257;n&#299;.</subfield></datafield><datafield ind1=" " ind2=" " tag="500"><subfield code="a">Part of the Arabic Collections Online (ACO) project, contributed by New York Univeristy Libraries.</subfield></datafield><datafield ind1=" " ind2=" " tag="504"><subfield code="a">Includes bibliographical references and indexes.</subfield></datafield><datafield ind1=" " ind2=" " tag="533"><subfield code="a">Electronic reproduction.</subfield><subfield code="b">New York, N.Y. :</subfield><subfield code="c">New York University,</subfield><subfield code="d">2015.</subfield><subfield code="5">NNU</subfield></datafield><datafield ind1="1" ind2="2" tag="600"><subfield code="a">Shahrast&#257;n&#299;, Mu&#7717;ammad ibn &#699;Abd al-Kar&#299;m,</subfield><subfield code="d">1086?-1153.</subfield><subfield code="t">Mu&#7779;&#257;ra&#699;at al-fal&#257;sifah.</subfield></datafield><datafield ind1=" " ind2="0" tag="650"><subfield code="a">Islam</subfield><subfield code="x">Doctrines</subfield><subfield code="v">Early works to 1800.</subfield></datafield><datafield ind1="1" ind2=" " tag="700"><subfield code="6">880-05</subfield><subfield code="a">Shahrast&#257;n&#299;, Mu&#7717;ammad ibn &#699;Abd al-Kar&#299;m,</subfield><subfield code="d">1086?-1153</subfield><subfield code="t">Mu&#7779;&#257;ra&#699;at al-fal&#257;sifah.</subfield><subfield code="f">1984.</subfield></datafield><datafield ind1="1" ind2=" " tag="700"><subfield code="6">880-06</subfield><subfield code="a">Mu&#699;izz&#299;, &#7716;asan</subfield></datafield><datafield ind1="1" ind2=" " tag="700"><subfield code="6">880-07</subfield><subfield code="a">Mar&#699;ash&#299;, Ma&#7717;m&#363;d</subfield></datafield><datafield ind1="2" ind2=" " tag="710"><subfield code="a">New York University.</subfield><subfield code="b">Libraries.</subfield></datafield><datafield ind1="0" ind2=" " tag="730"><subfield code="a">Arabic Collections Online.</subfield></datafield><datafield ind1="0" ind2="8" tag="776"><subfield code="i">Print version:</subfield><subfield code="a">&#7788;&#363;s&#299;, Na&#7779;&#299;r al-D&#299;n Mu&#7717;ammad ibn Mu&#7717;ammad, 1201-1274 880-01</subfield><subfield code="t">Mu&#7779;&#257;ri&#699; al-mu&#7779;&#257;ri&#699;</subfield><subfield code="w">(NNU)001976389</subfield></datafield><datafield ind1="4" ind2="0" tag="856"><subfield code="u">http://hdl.handle.net/2333.1/pnvx0nmk</subfield></datafield><datafield ind1="1" ind2=" " tag="880"><subfield code="6">100-01/</subfield><subfield code="a">&#1591;&#1608;&#1587;&#1609;&#1548; &#1606;&#1575;&#1589;&#1585; &#1575;&#1604;&#1583;&#1610;&#1606; &#1605;&#1581;&#1605;&#1583; &#1576;&#1606; &#1605;&#1581;&#1605;&#1583;.</subfield></datafield><datafield ind1="1" ind2="0" tag="880"><subfield code="6">245-02/</subfield><subfield code="a">&#1605;&#1589;&#1575;&#1585;&#1593; &#1575;&#1604;&#1605;&#1589;&#1575;&#1585;&#1593; /</subfield><subfield code="c">&#1578;&#1571;&#1604;&#1610;&#1601; &#1575;&#1576;&#1609; &#1580;&#1593;&#1601;&#1585; &#1606;&#1589;&#1610;&#1585; &#1575;&#1604;&#1583;&#1610;&#1606; &#1605;&#1581;&#1605;&#1583; &#1576;&#1606; &#1581;&#1605;&#1583; &#1576;&#1606; &#1575;&#1604;&#1581;&#1587;&#1606; &#1575;&#1604;&#1591;&#1608;&#1587;&#1609; &#1563; &#1578;&#1581;&#1602;&#1610;&#1602; &#1581;&#1587;&#1606; &#1575;&#1604;&#1605;&#1593;&#1586;&#1609; &#1563; &#1576;&#1575;&#1607;&#1578;&#1605;&#1575;&#1605; &#1605;&#1581;&#1605;&#1608;&#1583; &#1575;&#1604;&#1605;&#1585;&#1593;&#1588;&#1609;.</subfield></datafield><datafield ind1=" " ind2=" " tag="880"><subfield code="6">260-03/</subfield><subfield code="a">&#1602;&#1605; :</subfield><subfield code="b">&#1605;&#1603;&#1578;&#1576;&#1577; &#1570;&#1610;&#1577; &#1575;&#1604;&#1604;&#1607; &#1575;&#1604;&#1605;&#1585;&#1593;&#1588;&#1609;&#1548;</subfield><subfield code="c">&#1633;&#1636;&#1632;&#1637;.</subfield></datafield><datafield ind1="1" ind2=" " tag="880"><subfield code="6">490-04/</subfield><subfield code="a">&#1605;&#1606; &#1605;&#1582;&#1591;&#1608;&#1591;&#1575;&#1578; &#1605;&#1603;&#1578;&#1576;&#1577; &#1570;&#1610;&#1577; &#1575;&#1604;&#1604;&#1607; &#1575;&#1604;&#1605;&#1585;&#1593;&#1588;&#1609; &#1575;&#1604;&#1593;&#1575;&#1605;&#1577; &#1563;</subfield><subfield code="v">&#1633;&#1633;</subfield></datafield><datafield ind1="1" ind2=" " tag="880"><subfield code="6">700-05/</subfield><subfield code="a">&#1588;&#1607;&#1585;&#1587;&#1578;&#1575;&#1606;&#1609;&#1548; &#1605;&#1581;&#1605;&#1583; &#1593;&#1576;&#1583; &#1575;&#1604;&#1603;&#1585;&#1610;&#1605;.</subfield></datafield><datafield ind1="1" ind2=" " tag="880"><subfield code="6">700-06/</subfield><subfield code="a">&#1605;&#1593;&#1586;&#1609;&#1548; &#1581;&#1587;&#1606;.</subfield></datafield><datafield ind1="1" ind2=" " tag="880"><subfield code="6">700-07/</subfield><subfield code="a">&#1605;&#1585;&#1593;&#1588;&#1609;&#1548; &#1605;&#1581;&#1605;&#1608;&#1583;.</subfield></datafield><datafield ind1=" " ind2="0" tag="830"><subfield code="6">880-08</subfield><subfield code="a">Min makh&#7789;&#363;&#7789;&#257;t Ay&#257;t All&#257;h al-Mar&#699;ash&#299; al-&#699;&#256;mmah ;</subfield><subfield code="v">11.</subfield></datafield><datafield ind1=" " ind2="0" tag="880"><subfield code="6">830-08/</subfield><subfield code="a">&#1605;&#1606; &#1605;&#1582;&#1591;&#1608;&#1591;&#1575;&#1578; &#1605;&#1603;&#1578;&#1576;&#1577; &#1570;&#1610;&#1577; &#1575;&#1604;&#1604;&#1607; &#1575;&#1604;&#1605;&#1585;&#1593;&#1588;&#1609; &#1575;&#1604;&#1593;&#1575;&#1605;&#1577; &#1563;</subfield><subfield code="v">&#1633;&#1633;</subfield></datafield><datafield ind1=" " ind2=" " tag="959"><subfield code="a">NNU</subfield><subfield code="b">WEB</subfield><subfield code="c">GENI</subfield><subfield code="t">0</subfield><subfield code="m">Electronic access</subfield><subfield code="s">01</subfield></datafield><datafield ind1=" " ind2=" " tag="999"><subfield code="i">NNU_001976389</subfield><subfield code="s">nyu_aco000423</subfield></datafield></record>